%% This BibTeX bibliography file was created using BibDesk.
%% http://bibdesk.sourceforge.net/


%% Created for Juste Raimbault at 2015-05-06 11:01:02 +0200 


%% Saved with string encoding Occidental (ISO Latin 1) 



@article{huang2011multi,
	Author = {Huang, Ivy B and Keisler, Jeffrey and Linkov, Igor},
	Date-Added = {2015-05-06 09:00:46 +0000},
	Date-Modified = {2015-05-06 09:00:46 +0000},
	Journal = {Science of the total environment},
	Number = {19},
	Pages = {3578--3594},
	Publisher = {Elsevier},
	Title = {Multi-criteria decision analysis in environmental sciences: ten years of applications and trends},
	Volume = {409},
	Year = {2011},
	Bdsk-File-1 = {YnBsaXN0MDDUAQIDBAUGJCVYJHZlcnNpb25YJG9iamVjdHNZJGFyY2hpdmVyVCR0b3ASAAGGoKgHCBMUFRYaIVUkbnVsbNMJCgsMDRBWJGNsYXNzV05TLmtleXNaTlMub2JqZWN0c4AHog4PgAKAA6IREoAEgAVccmVsYXRpdmVQYXRoWWFsaWFzRGF0YV8QQURvY3MvTUNEQV9FbnZpcm9ubm1lbnRhbFNjaWVuY2VfMS1zMi4wLVMwMDQ4OTY5NzExMDA2NDYyLW1haW4ucGRm0gkXGBlXTlMuZGF0YYAGTxECiAAAAAACiAACAAAMTWFjaW50b3NoIEhEAAAAAAAAAAAAAAAAAAAAykEGDEgrAAACYtiPH01DREFfRW52aXJvbm5tZW50YWwjMjZFMTk1RS5wZGYAAAAAAAAAAAAAAAAAAAAAAAAAAAAAAAAAAAAAAAAAAAJuGV7Rb6S+AAAAAAAAAAAAAQADAAAJIAAAAAAAAAAAAAAAAAAAAAREb2NzABAACAAAykDp7AAAABEACAAA0W+IngAAAAEAHAJi2I8CYtiOAmFVtQCQwikABQIVAAUCFAAAvuwAAgB6TWFjaW50b3NoIEhEOlVzZXJzOgBKdXN0ZToARG9jdW1lbnRzOgBDb21wbGV4U3lzdGVtczoAUm9idXN0bmVzc0Rpc2NyZXBhbmN5OgBCaWJsaW86AERvY3M6AE1DREFfRW52aXJvbm5tZW50YWwjMjZFMTk1RS5wZGYADgB6ADwATQBDAEQAQQBfAEUAbgB2AGkAcgBvAG4AbgBtAGUAbgB0AGEAbABTAGMAaQBlAG4AYwBlAF8AMQAtAHMAMgAuADAALQBTADAAMAA0ADgAOQA2ADkANwAxADEAMAAwADYANAA2ADIALQBtAGEAaQBuAC4AcABkAGYADwAaAAwATQBhAGMAaQBuAHQAbwBzAGgAIABIAEQAEgCDVXNlcnMvSnVzdGUvRG9jdW1lbnRzL0NvbXBsZXhTeXN0ZW1zL1JvYnVzdG5lc3NEaXNjcmVwYW5jeS9CaWJsaW8vRG9jcy9NQ0RBX0Vudmlyb25ubWVudGFsU2NpZW5jZV8xLXMyLjAtUzAwNDg5Njk3MTEwMDY0NjItbWFpbi5wZGYAABMAAS8AABUAAgAM//8AANIbHB0eWiRjbGFzc25hbWVYJGNsYXNzZXNdTlNNdXRhYmxlRGF0YaMdHyBWTlNEYXRhWE5TT2JqZWN00hscIiNcTlNEaWN0aW9uYXJ5oiIgXxAPTlNLZXllZEFyY2hpdmVy0SYnVHJvb3SAAQAIABEAGgAjAC0AMgA3AEAARgBNAFQAXABnAGkAbABuAHAAcwB1AHcAhACOANIA1wDfAOEDbQNyA30DhgOUA5gDnwOoA60DugO9A88D0gPXAAAAAAAAAgEAAAAAAAAAKAAAAAAAAAAAAAAAAAAAA9k=}}

@article{munda1994qualitative,
	Author = {Munda, Giuseppe and Nijkamp, Peter and Rietveld, Piet},
	Date-Added = {2015-05-06 08:59:43 +0000},
	Date-Modified = {2015-05-06 08:59:43 +0000},
	Journal = {Ecological economics},
	Number = {2},
	Pages = {97--112},
	Publisher = {Elsevier},
	Title = {Qualitative multicriteria evaluation for environmental management},
	Volume = {10},
	Year = {1994},
	Bdsk-File-1 = {YnBsaXN0MDDUAQIDBAUGJCVYJHZlcnNpb25YJG9iamVjdHNZJGFyY2hpdmVyVCR0b3ASAAGGoKgHCBMUFRYaIVUkbnVsbNMJCgsMDRBWJGNsYXNzV05TLmtleXNaTlMub2JqZWN0c4AHog4PgAKAA6IREoAEgAVccmVsYXRpdmVQYXRoWWFsaWFzRGF0YV8QQ0RvY3MvUXVhbGl0YXRpdmVNQ0FfRW52aXJvbm5tZW50YWxfMS1zMi4wLTA5MjE4MDA5OTQ5MDAwMjctbWFpbi5wZGbSCRcYGVdOUy5kYXRhgAZPEQKOAAAAAAKOAAIAAAxNYWNpbnRvc2ggSEQAAAAAAAAAAAAAAAAAAADKQQYMSCsAAAJi2I8fUXVhbGl0YXRpdmVNQ0FfRW52aSMyNkUxODZBLnBkZgAAAAAAAAAAAAAAAAAAAAAAAAAAAAAAAAAAAAAAAAAAAm4YatFvpIMAAAAAAAAAAAABAAMAAAkgAAAAAAAAAAAAAAAAAAAABERvY3MAEAAIAADKQOnsAAAAEQAIAADRb4hjAAAAAQAcAmLYjwJi2I4CYVW1AJDCKQAFAhUABQIUAAC+7AACAHpNYWNpbnRvc2ggSEQ6VXNlcnM6AEp1c3RlOgBEb2N1bWVudHM6AENvbXBsZXhTeXN0ZW1zOgBSb2J1c3RuZXNzRGlzY3JlcGFuY3k6AEJpYmxpbzoARG9jczoAUXVhbGl0YXRpdmVNQ0FfRW52aSMyNkUxODZBLnBkZgAOAH4APgBRAHUAYQBsAGkAdABhAHQAaQB2AGUATQBDAEEAXwBFAG4AdgBpAHIAbwBuAG4AbQBlAG4AdABhAGwAXwAxAC0AcwAyAC4AMAAtADAAOQAyADEAOAAwADAAOQA5ADQAOQAwADAAMAAyADcALQBtAGEAaQBuAC4AcABkAGYADwAaAAwATQBhAGMAaQBuAHQAbwBzAGgAIABIAEQAEgCFVXNlcnMvSnVzdGUvRG9jdW1lbnRzL0NvbXBsZXhTeXN0ZW1zL1JvYnVzdG5lc3NEaXNjcmVwYW5jeS9CaWJsaW8vRG9jcy9RdWFsaXRhdGl2ZU1DQV9FbnZpcm9ubm1lbnRhbF8xLXMyLjAtMDkyMTgwMDk5NDkwMDAyNy1tYWluLnBkZgAAEwABLwAAFQACAAz//wAA0hscHR5aJGNsYXNzbmFtZVgkY2xhc3Nlc11OU011dGFibGVEYXRhox0fIFZOU0RhdGFYTlNPYmplY3TSGxwiI1xOU0RpY3Rpb25hcnmiIiBfEA9OU0tleWVkQXJjaGl2ZXLRJidUcm9vdIABAAgAEQAaACMALQAyADcAQABGAE0AVABcAGcAaQBsAG4AcABzAHUAdwCEAI4A1ADZAOEA4wN1A3oDhQOOA5wDoAOnA7ADtQPCA8UD1wPaA98AAAAAAAACAQAAAAAAAAAoAAAAAAAAAAAAAAAAAAAD4Q==}}

@article{tudela2006comparing,
	Author = {Tudela, Alejandro and Akiki, Natalia and Cisternas, Rene},
	Date-Added = {2015-05-06 08:57:50 +0000},
	Date-Modified = {2015-05-06 08:57:50 +0000},
	Journal = {Transportation Research Part A: Policy and Practice},
	Number = {5},
	Pages = {414--423},
	Publisher = {Elsevier},
	Title = {Comparing the output of cost benefit and multi-criteria analysis: An application to urban transport investments},
	Volume = {40},
	Year = {2006},
	Bdsk-File-1 = {YnBsaXN0MDDUAQIDBAUGJCVYJHZlcnNpb25YJG9iamVjdHNZJGFyY2hpdmVyVCR0b3ASAAGGoKgHCBMUFRYaIVUkbnVsbNMJCgsMDRBWJGNsYXNzV05TLmtleXNaTlMub2JqZWN0c4AHog4PgAKAA6IREoAEgAVccmVsYXRpdmVQYXRoWWFsaWFzRGF0YV8QQkRvY3MvTUNBX0Nvc3RCZW5lZml0c19Db21wYXJpc29uXzEtczIuMC1TMDk2NTg1NjQwNTAwMTEwMi1tYWluLnBkZtIJFxgZV05TLmRhdGGABk8RAooAAAAAAooAAgAADE1hY2ludG9zaCBIRAAAAAAAAAAAAAAAAAAAAMpBBgxIKwAAAmLYjx9NQ0FfQ29zdEJlbmVmaXRzX0NvIzI2RTE1QzIucGRmAAAAAAAAAAAAAAAAAAAAAAAAAAAAAAAAAAAAAAAAAAACbhXC0W+j+QAAAAAAAAAAAAEAAwAACSAAAAAAAAAAAAAAAAAAAAAERG9jcwAQAAgAAMpA6ewAAAARAAgAANFvh9kAAAABABwCYtiPAmLYjgJhVbUAkMIpAAUCFQAFAhQAAL7sAAIAek1hY2ludG9zaCBIRDpVc2VyczoASnVzdGU6AERvY3VtZW50czoAQ29tcGxleFN5c3RlbXM6AFJvYnVzdG5lc3NEaXNjcmVwYW5jeToAQmlibGlvOgBEb2NzOgBNQ0FfQ29zdEJlbmVmaXRzX0NvIzI2RTE1QzIucGRmAA4AfAA9AE0AQwBBAF8AQwBvAHMAdABCAGUAbgBlAGYAaQB0AHMAXwBDAG8AbQBwAGEAcgBpAHMAbwBuAF8AMQAtAHMAMgAuADAALQBTADAAOQA2ADUAOAA1ADYANAAwADUAMAAwADEAMQAwADIALQBtAGEAaQBuAC4AcABkAGYADwAaAAwATQBhAGMAaQBuAHQAbwBzAGgAIABIAEQAEgCEVXNlcnMvSnVzdGUvRG9jdW1lbnRzL0NvbXBsZXhTeXN0ZW1zL1JvYnVzdG5lc3NEaXNjcmVwYW5jeS9CaWJsaW8vRG9jcy9NQ0FfQ29zdEJlbmVmaXRzX0NvbXBhcmlzb25fMS1zMi4wLVMwOTY1ODU2NDA1MDAxMTAyLW1haW4ucGRmABMAAS8AABUAAgAM//8AANIbHB0eWiRjbGFzc25hbWVYJGNsYXNzZXNdTlNNdXRhYmxlRGF0YaMdHyBWTlNEYXRhWE5TT2JqZWN00hscIiNcTlNEaWN0aW9uYXJ5oiIgXxAPTlNLZXllZEFyY2hpdmVy0SYnVHJvb3SAAQAIABEAGgAjAC0AMgA3AEAARgBNAFQAXABnAGkAbABuAHAAcwB1AHcAhACOANMA2ADgAOIDcAN1A4ADiQOXA5sDogOrA7ADvQPAA9ID1QPaAAAAAAAAAgEAAAAAAAAAKAAAAAAAAAAAAAAAAAAAA9w=}}

@article{gamper2007governmental,
	Author = {Gamper, CD and Turcanu, CATRINEL},
	Date-Added = {2015-05-06 08:56:35 +0000},
	Date-Modified = {2015-05-06 08:56:35 +0000},
	Journal = {Ecological economics},
	Number = {2},
	Pages = {298--307},
	Publisher = {Elsevier},
	Title = {On the governmental use of multi-criteria analysis},
	Volume = {62},
	Year = {2007},
	Bdsk-File-1 = {YnBsaXN0MDDUAQIDBAUGJCVYJHZlcnNpb25YJG9iamVjdHNZJGFyY2hpdmVyVCR0b3ASAAGGoKgHCBMUFRYaIVUkbnVsbNMJCgsMDRBWJGNsYXNzV05TLmtleXNaTlMub2JqZWN0c4AHog4PgAKAA6IREoAEgAVccmVsYXRpdmVQYXRoWWFsaWFzRGF0YV8QOkRvY3MvR292ZXJuZW1lbnRhbFVzZU1DQV8xLXMyLjAtUzA5MjE4MDA5MDcwMDA5NVgtbWFpbi5wZGbSCRcYGVdOUy5kYXRhgAZPEQJyAAAAAAJyAAIAAAxNYWNpbnRvc2ggSEQAAAAAAAAAAAAAAAAAAADKQQYMSCsAAAJi2I8fR292ZXJuZW1lbnRhbFVzZU1DQSMyNkUxNERELnBkZgAAAAAAAAAAAAAAAAAAAAAAAAAAAAAAAAAAAAAAAAAAAm4U3dFvo8QAAAAAAAAAAAABAAMAAAkgAAAAAAAAAAAAAAAAAAAABERvY3MAEAAIAADKQOnsAAAAEQAIAADRb4ekAAAAAQAcAmLYjwJi2I4CYVW1AJDCKQAFAhUABQIUAAC+7AACAHpNYWNpbnRvc2ggSEQ6VXNlcnM6AEp1c3RlOgBEb2N1bWVudHM6AENvbXBsZXhTeXN0ZW1zOgBSb2J1c3RuZXNzRGlzY3JlcGFuY3k6AEJpYmxpbzoARG9jczoAR292ZXJuZW1lbnRhbFVzZU1DQSMyNkUxNERELnBkZgAOAGwANQBHAG8AdgBlAHIAbgBlAG0AZQBuAHQAYQBsAFUAcwBlAE0AQwBBAF8AMQAtAHMAMgAuADAALQBTADAAOQAyADEAOAAwADAAOQAwADcAMAAwADAAOQA1AFgALQBtAGEAaQBuAC4AcABkAGYADwAaAAwATQBhAGMAaQBuAHQAbwBzAGgAIABIAEQAEgB8VXNlcnMvSnVzdGUvRG9jdW1lbnRzL0NvbXBsZXhTeXN0ZW1zL1JvYnVzdG5lc3NEaXNjcmVwYW5jeS9CaWJsaW8vRG9jcy9Hb3Zlcm5lbWVudGFsVXNlTUNBXzEtczIuMC1TMDkyMTgwMDkwNzAwMDk1WC1tYWluLnBkZgATAAEvAAAVAAIADP//AADSGxwdHlokY2xhc3NuYW1lWCRjbGFzc2VzXU5TTXV0YWJsZURhdGGjHR8gVk5TRGF0YVhOU09iamVjdNIbHCIjXE5TRGljdGlvbmFyeaIiIF8QD05TS2V5ZWRBcmNoaXZlctEmJ1Ryb290gAEACAARABoAIwAtADIANwBAAEYATQBUAFwAZwBpAGwAbgBwAHMAdQB3AIQAjgDLANAA2ADaA1ADVQNgA2kDdwN7A4IDiwOQA50DoAOyA7UDugAAAAAAAAIBAAAAAAAAACgAAAAAAAAAAAAAAAAAAAO8}}

@article{gressier2005analyse,
	Author = {GRESSIER, Claude},
	Date-Added = {2015-05-06 08:54:46 +0000},
	Date-Modified = {2015-05-06 08:54:46 +0000},
	Journal = {Minist{\`e}re des Transports de l'{\'E}quipement du Tourisme et de la Mer},
	Number = {2005-0353},
	Pages = {01},
	Title = {Analyse comparative des m{\'e}thodes d'{\'e}valuation des grandes infrastructures de transport},
	Year = {2005},
	Bdsk-File-1 = {YnBsaXN0MDDUAQIDBAUGJCVYJHZlcnNpb25YJG9iamVjdHNZJGFyY2hpdmVyVCR0b3ASAAGGoKgHCBMUFRYaIVUkbnVsbNMJCgsMDRBWJGNsYXNzV05TLmtleXNaTlMub2JqZWN0c4AHog4PgAKAA6IREoAEgAVccmVsYXRpdmVQYXRoWWFsaWFzRGF0YV8QPURvY3MvQW5hbHlzZUNvbXBhcmF0aXZlX01ldGhvZGVzRXZhbHVhdGlvbkluZnJhXzAwNDUzNy0wMS5wZGbSCRcYGVdOUy5kYXRhgAZPEQJ8AAAAAAJ8AAIAAAxNYWNpbnRvc2ggSEQAAAAAAAAAAAAAAAAAAADKQQYMSCsAAAJi2I8fQW5hbHlzZUNvbXBhcmF0aXZlXyMyNkUxMjI1LnBkZgAAAAAAAAAAAAAAAAAAAAAAAAAAAAAAAAAAAAAAAAAAAm4SJdFvo0sAAAAAAAAAAAABAAMAAAkgAAAAAAAAAAAAAAAAAAAABERvY3MAEAAIAADKQOnsAAAAEQAIAADRb4crAAAAAQAcAmLYjwJi2I4CYVW1AJDCKQAFAhUABQIUAAC+7AACAHpNYWNpbnRvc2ggSEQ6VXNlcnM6AEp1c3RlOgBEb2N1bWVudHM6AENvbXBsZXhTeXN0ZW1zOgBSb2J1c3RuZXNzRGlzY3JlcGFuY3k6AEJpYmxpbzoARG9jczoAQW5hbHlzZUNvbXBhcmF0aXZlXyMyNkUxMjI1LnBkZgAOAHIAOABBAG4AYQBsAHkAcwBlAEMAbwBtAHAAYQByAGEAdABpAHYAZQBfAE0AZQB0AGgAbwBkAGUAcwBFAHYAYQBsAHUAYQB0AGkAbwBuAEkAbgBmAHIAYQBfADAAMAA0ADUAMwA3AC0AMAAxAC4AcABkAGYADwAaAAwATQBhAGMAaQBuAHQAbwBzAGgAIABIAEQAEgB/VXNlcnMvSnVzdGUvRG9jdW1lbnRzL0NvbXBsZXhTeXN0ZW1zL1JvYnVzdG5lc3NEaXNjcmVwYW5jeS9CaWJsaW8vRG9jcy9BbmFseXNlQ29tcGFyYXRpdmVfTWV0aG9kZXNFdmFsdWF0aW9uSW5mcmFfMDA0NTM3LTAxLnBkZgAAEwABLwAAFQACAAz//wAA0hscHR5aJGNsYXNzbmFtZVgkY2xhc3Nlc11OU011dGFibGVEYXRhox0fIFZOU0RhdGFYTlNPYmplY3TSGxwiI1xOU0RpY3Rpb25hcnmiIiBfEA9OU0tleWVkQXJjaGl2ZXLRJidUcm9vdIABAAgAEQAaACMALQAyADcAQABGAE0AVABcAGcAaQBsAG4AcABzAHUAdwCEAI4AzgDTANsA3QNdA2IDbQN2A4QDiAOPA5gDnQOqA60DvwPCA8cAAAAAAAACAQAAAAAAAAAoAAAAAAAAAAAAAAAAAAADyQ==}}

@book{dodgson2009multi,
	Author = {Dodgson, JS and Spackman, Michael and Pearman, Alan and Phillips, LD},
	Date-Added = {2015-05-06 08:53:34 +0000},
	Date-Modified = {2015-05-06 08:53:34 +0000},
	Publisher = {Department for Communities and Local Government: London},
	Title = {Multi-criteria analysis: a manual},
	Year = {2009},
	Bdsk-File-1 = {YnBsaXN0MDDUAQIDBAUGJCVYJHZlcnNpb25YJG9iamVjdHNZJGFyY2hpdmVyVCR0b3ASAAGGoKgHCBMUFRYaIVUkbnVsbNMJCgsMDRBWJGNsYXNzV05TLmtleXNaTlMub2JqZWN0c4AHog4PgAKAA6IREoAEgAVccmVsYXRpdmVQYXRoWWFsaWFzRGF0YV8QIERvY3MvTXVsdGktY3JpdGVyaWFfQW5hbHlzaXMucGRm0gkXGBlXTlMuZGF0YYAGTxECIAAAAAACIAACAAAMTWFjaW50b3NoIEhEAAAAAAAAAAAAAAAAAAAAykEGDEgrAAACYtiPG011bHRpLWNyaXRlcmlhX0FuYWx5c2lzLnBkZgAAAAAAAAAAAAAAAAAAAAAAAAAAAAAAAAAAAAAAAAAAAAAAAAJuEWvRb6MJAAAAAAAAAAAAAQADAAAJIAAAAAAAAAAAAAAAAAAAAAREb2NzABAACAAAykDp7AAAABEACAAA0W+G6QAAAAEAHAJi2I8CYtiOAmFVtQCQwikABQIVAAUCFAAAvuwAAgB2TWFjaW50b3NoIEhEOlVzZXJzOgBKdXN0ZToARG9jdW1lbnRzOgBDb21wbGV4U3lzdGVtczoAUm9idXN0bmVzc0Rpc2NyZXBhbmN5OgBCaWJsaW86AERvY3M6AE11bHRpLWNyaXRlcmlhX0FuYWx5c2lzLnBkZgAOADgAGwBNAHUAbAB0AGkALQBjAHIAaQB0AGUAcgBpAGEAXwBBAG4AYQBsAHkAcwBpAHMALgBwAGQAZgAPABoADABNAGEAYwBpAG4AdABvAHMAaAAgAEgARAASAGJVc2Vycy9KdXN0ZS9Eb2N1bWVudHMvQ29tcGxleFN5c3RlbXMvUm9idXN0bmVzc0Rpc2NyZXBhbmN5L0JpYmxpby9Eb2NzL011bHRpLWNyaXRlcmlhX0FuYWx5c2lzLnBkZgATAAEvAAAVAAIADP//AADSGxwdHlokY2xhc3NuYW1lWCRjbGFzc2VzXU5TTXV0YWJsZURhdGGjHR8gVk5TRGF0YVhOU09iamVjdNIbHCIjXE5TRGljdGlvbmFyeaIiIF8QD05TS2V5ZWRBcmNoaXZlctEmJ1Ryb290gAEACAARABoAIwAtADIANwBAAEYATQBUAFwAZwBpAGwAbgBwAHMAdQB3AIQAjgCxALYAvgDAAuQC6QL0Av0DCwMPAxYDHwMkAzEDNANGA0kDTgAAAAAAAAIBAAAAAAAAACgAAAAAAAAAAAAAAAAAAANQ}}

@article{IEAM:IEAM5630010201,
	Abstract = {Decision making in environmental projects can be complex and seemingly intractable, principally because of the inherent trade-offs between sociopolitical, environmental, ecological, and economic factors. The selection of appropriate remedial and abatement strategies for contaminated sites, land use planning, and regulatory processes often involves multiple additional criteria such as the distribution of costs and benefits, environmental impacts for different populations, safety, ecological risk, or human values. Some of these criteria cannot be easily condensed into a monetary value, partly because environmental concerns often involve ethical and moral principles that may not be related to any economic use or value. Furthermore, even if it were possible to aggregate multiple criteria rankings into a common unit, this approach would not always be desirable because the ability to track conflicting stakeholder preferences may be lost in the process. Consequently, selecting from among many different alternatives often involves making trade-offs that fail to satisfy 1 or more stakeholder groups. Nevertheless, considerable research in the area of multicriteria decision analysis (MCDA) has made available practical methods for applying scientific decision theoretical approaches to complex multicriteria problems. This paper presents a review of the available literature and provides recommendations for applying MCDA techniques in environmental projects. A generalized framework for decision analysis is proposed to highlight the fundamental ingredients for more structured and tractable environmental decision making.},
	Author = {Kiker, Gregory A. and Bridges, Todd S. and Varghese, Arun and Seager, Thomas P. and Linkov, Igor},
	Date-Added = {2015-05-06 08:52:29 +0000},
	Date-Modified = {2015-05-06 08:52:29 +0000},
	Doi = {10.1897/IEAM_2004a-015.1},
	Issn = {1551-3793},
	Journal = {Integrated Environmental Assessment and Management},
	Keywords = {Decision criteria, Environmental risk assessment, Site remediation},
	Number = {2},
	Pages = {95--108},
	Publisher = {Wiley Periodicals, Inc.},
	Title = {Application of multicriteria decision analysis in environmental decision making},
	Url = {http://dx.doi.org/10.1897/IEAM_2004a-015.1},
	Volume = {1},
	Year = {2005},
	Bdsk-Url-1 = {http://dx.doi.org/10.1897/IEAM_2004a-015.1},
	Bdsk-File-1 = {YnBsaXN0MDDUAQIDBAUGJCVYJHZlcnNpb25YJG9iamVjdHNZJGFyY2hpdmVyVCR0b3ASAAGGoKgHCBMUFRYaIVUkbnVsbNMJCgsMDRBWJGNsYXNzV05TLmtleXNaTlMub2JqZWN0c4AHog4PgAKAA6IREoAEgAVccmVsYXRpdmVQYXRoWWFsaWFzRGF0YV8QTERvY3MvS2lrZXJfZXRfYWwtMjAwNS1JbnRlZ3JhdGVkX0Vudmlyb25tZW50YWxfQXNzZXNzbWVudF9hbmRfTWFuYWdlbWVudC5wZGbSCRcYGVdOUy5kYXRhgAZPEQKoAAAAAAKoAAIAAAxNYWNpbnRvc2ggSEQAAAAAAAAAAAAAAAAAAADKQQYMSCsAAAJi2I8fS2lrZXJfZXRfYWwtMjAwNS1JbiMyNkUxMDZGLnBkZgAAAAAAAAAAAAAAAAAAAAAAAAAAAAAAAAAAAAAAAAAAAm4Qb9FvorgAAAAAAAAAAAABAAMAAAkgAAAAAAAAAAAAAAAAAAAABERvY3MAEAAIAADKQOnsAAAAEQAIAADRb4aYAAAAAQAcAmLYjwJi2I4CYVW1AJDCKQAFAhUABQIUAAC+7AACAHpNYWNpbnRvc2ggSEQ6VXNlcnM6AEp1c3RlOgBEb2N1bWVudHM6AENvbXBsZXhTeXN0ZW1zOgBSb2J1c3RuZXNzRGlzY3JlcGFuY3k6AEJpYmxpbzoARG9jczoAS2lrZXJfZXRfYWwtMjAwNS1JbiMyNkUxMDZGLnBkZgAOAJAARwBLAGkAawBlAHIAXwBlAHQAXwBhAGwALQAyADAAMAA1AC0ASQBuAHQAZQBnAHIAYQB0AGUAZABfAEUAbgB2AGkAcgBvAG4AbQBlAG4AdABhAGwAXwBBAHMAcwBlAHMAcwBtAGUAbgB0AF8AYQBuAGQAXwBNAGEAbgBhAGcAZQBtAGUAbgB0AC4AcABkAGYADwAaAAwATQBhAGMAaQBuAHQAbwBzAGgAIABIAEQAEgCOVXNlcnMvSnVzdGUvRG9jdW1lbnRzL0NvbXBsZXhTeXN0ZW1zL1JvYnVzdG5lc3NEaXNjcmVwYW5jeS9CaWJsaW8vRG9jcy9LaWtlcl9ldF9hbC0yMDA1LUludGVncmF0ZWRfRW52aXJvbm1lbnRhbF9Bc3Nlc3NtZW50X2FuZF9NYW5hZ2VtZW50LnBkZgATAAEvAAAVAAIADP//AADSGxwdHlokY2xhc3NuYW1lWCRjbGFzc2VzXU5TTXV0YWJsZURhdGGjHR8gVk5TRGF0YVhOU09iamVjdNIbHCIjXE5TRGljdGlvbmFyeaIiIF8QD05TS2V5ZWRBcmNoaXZlctEmJ1Ryb290gAEACAARABoAIwAtADIANwBAAEYATQBUAFwAZwBpAGwAbgBwAHMAdQB3AIQAjgDdAOIA6gDsA5gDnQOoA7EDvwPDA8oD0wPYA+UD6AP6A/0EAgAAAAAAAAIBAAAAAAAAACgAAAAAAAAAAAAAAAAAAAQE}}

@article{macharis2009multi,
	Author = {Macharis, Cathy and De Witte, Astrid and Ampe, Jeroen},
	Date-Added = {2015-05-06 08:50:45 +0000},
	Date-Modified = {2015-05-06 08:50:45 +0000},
	Journal = {Journal of Advanced transportation},
	Number = {2},
	Pages = {183--202},
	Publisher = {Wiley Online Library},
	Title = {The multi-actor, multi-criteria analysis methodology (MAMCA) for the evaluation of transport projects: Theory and practice},
	Volume = {43},
	Year = {2009},
	Bdsk-File-1 = {YnBsaXN0MDDUAQIDBAUGJCVYJHZlcnNpb25YJG9iamVjdHNZJGFyY2hpdmVyVCR0b3ASAAGGoKgHCBMUFRYaIVUkbnVsbNMJCgsMDRBWJGNsYXNzV05TLmtleXNaTlMub2JqZWN0c4AHog4PgAKAA6IREoAEgAVccmVsYXRpdmVQYXRoWWFsaWFzRGF0YV8QP0RvY3MvTWFjaGFyaXNfZXRfYWwtMjAwOS1Kb3VybmFsX29mX0FkdmFuY2VkX1RyYW5zcG9ydGF0aW9uLnBkZtIJFxgZV05TLmRhdGGABk8RAoIAAAAAAoIAAgAADE1hY2ludG9zaCBIRAAAAAAAAAAAAAAAAAAAAMpBBgxIKwAAAmLYjx9NYWNoYXJpc19ldF9hbC0yMDA5IzI2RTBGNTEucGRmAAAAAAAAAAAAAAAAAAAAAAAAAAAAAAAAAAAAAAAAAAACbg9R0W+iZwAAAAAAAAAAAAEAAwAACSAAAAAAAAAAAAAAAAAAAAAERG9jcwAQAAgAAMpA6ewAAAARAAgAANFvhkcAAAABABwCYtiPAmLYjgJhVbUAkMIpAAUCFQAFAhQAAL7sAAIAek1hY2ludG9zaCBIRDpVc2VyczoASnVzdGU6AERvY3VtZW50czoAQ29tcGxleFN5c3RlbXM6AFJvYnVzdG5lc3NEaXNjcmVwYW5jeToAQmlibGlvOgBEb2NzOgBNYWNoYXJpc19ldF9hbC0yMDA5IzI2RTBGNTEucGRmAA4AdgA6AE0AYQBjAGgAYQByAGkAcwBfAGUAdABfAGEAbAAtADIAMAAwADkALQBKAG8AdQByAG4AYQBsAF8AbwBmAF8AQQBkAHYAYQBuAGMAZQBkAF8AVAByAGEAbgBzAHAAbwByAHQAYQB0AGkAbwBuAC4AcABkAGYADwAaAAwATQBhAGMAaQBuAHQAbwBzAGgAIABIAEQAEgCBVXNlcnMvSnVzdGUvRG9jdW1lbnRzL0NvbXBsZXhTeXN0ZW1zL1JvYnVzdG5lc3NEaXNjcmVwYW5jeS9CaWJsaW8vRG9jcy9NYWNoYXJpc19ldF9hbC0yMDA5LUpvdXJuYWxfb2ZfQWR2YW5jZWRfVHJhbnNwb3J0YXRpb24ucGRmAAATAAEvAAAVAAIADP//AADSGxwdHlokY2xhc3NuYW1lWCRjbGFzc2VzXU5TTXV0YWJsZURhdGGjHR8gVk5TRGF0YVhOU09iamVjdNIbHCIjXE5TRGljdGlvbmFyeaIiIF8QD05TS2V5ZWRBcmNoaXZlctEmJ1Ryb290gAEACAARABoAIwAtADIANwBAAEYATQBUAFwAZwBpAGwAbgBwAHMAdQB3AIQAjgDQANUA3QDfA2UDagN1A34DjAOQA5cDoAOlA7IDtQPHA8oDzwAAAAAAAAIBAAAAAAAAACgAAAAAAAAAAAAAAAAAAAPR}}

@article{sayers2003multi,
	Author = {Sayers, TM and Jessop, AT and Hills, PJ},
	Date-Added = {2015-05-06 08:49:47 +0000},
	Date-Modified = {2015-05-06 08:49:47 +0000},
	Journal = {Transport Policy},
	Number = {2},
	Pages = {95--105},
	Publisher = {Elsevier},
	Title = {Multi-criteria evaluation of transport options---flexible, transparent and user-friendly?},
	Volume = {10},
	Year = {2003},
	Bdsk-File-1 = {YnBsaXN0MDDUAQIDBAUGJCVYJHZlcnNpb25YJG9iamVjdHNZJGFyY2hpdmVyVCR0b3ASAAGGoKgHCBMUFRYaIVUkbnVsbNMJCgsMDRBWJGNsYXNzV05TLmtleXNaTlMub2JqZWN0c4AHog4PgAKAA6IREoAEgAVccmVsYXRpdmVQYXRoWWFsaWFzRGF0YV8QQkRvY3MvTXVsdGlDcml0ZXJpYVRyYW5zcG9ydGF0aW9uXzEtczIuMC1TMDk2NzA3MFgwMjAwMDQ5NS1tYWluLnBkZtIJFxgZV05TLmRhdGGABk8RAooAAAAAAooAAgAADE1hY2ludG9zaCBIRAAAAAAAAAAAAAAAAAAAAMpBBgxIKwAAAmLYjx9NdWx0aUNyaXRlcmlhVHJhbnNwIzI2RTBFNTcucGRmAAAAAAAAAAAAAAAAAAAAAAAAAAAAAAAAAAAAAAAAAAACbg5X0W+hsgAAAAAAAAAAAAEAAwAACSAAAAAAAAAAAAAAAAAAAAAERG9jcwAQAAgAAMpA6ewAAAARAAgAANFvhZIAAAABABwCYtiPAmLYjgJhVbUAkMIpAAUCFQAFAhQAAL7sAAIAek1hY2ludG9zaCBIRDpVc2VyczoASnVzdGU6AERvY3VtZW50czoAQ29tcGxleFN5c3RlbXM6AFJvYnVzdG5lc3NEaXNjcmVwYW5jeToAQmlibGlvOgBEb2NzOgBNdWx0aUNyaXRlcmlhVHJhbnNwIzI2RTBFNTcucGRmAA4AfAA9AE0AdQBsAHQAaQBDAHIAaQB0AGUAcgBpAGEAVAByAGEAbgBzAHAAbwByAHQAYQB0AGkAbwBuAF8AMQAtAHMAMgAuADAALQBTADAAOQA2ADcAMAA3ADAAWAAwADIAMAAwADAANAA5ADUALQBtAGEAaQBuAC4AcABkAGYADwAaAAwATQBhAGMAaQBuAHQAbwBzAGgAIABIAEQAEgCEVXNlcnMvSnVzdGUvRG9jdW1lbnRzL0NvbXBsZXhTeXN0ZW1zL1JvYnVzdG5lc3NEaXNjcmVwYW5jeS9CaWJsaW8vRG9jcy9NdWx0aUNyaXRlcmlhVHJhbnNwb3J0YXRpb25fMS1zMi4wLVMwOTY3MDcwWDAyMDAwNDk1LW1haW4ucGRmABMAAS8AABUAAgAM//8AANIbHB0eWiRjbGFzc25hbWVYJGNsYXNzZXNdTlNNdXRhYmxlRGF0YaMdHyBWTlNEYXRhWE5TT2JqZWN00hscIiNcTlNEaWN0aW9uYXJ5oiIgXxAPTlNLZXllZEFyY2hpdmVy0SYnVHJvb3SAAQAIABEAGgAjAC0AMgA3AEAARgBNAFQAXABnAGkAbABuAHAAcwB1AHcAhACOANMA2ADgAOIDcAN1A4ADiQOXA5sDogOrA7ADvQPAA9ID1QPaAAAAAAAAAgEAAAAAAAAAKAAAAAAAAAAAAAAAAAAAA9w=}}

@inproceedings{1688537,
	Abstract = {This paper presents a novel approach to robustness analysis in multi-objective optimization problems. The concept of degree of robustness in incorporated into the evolutionary algorithm, being operationalized in the computation of the fitness value assigned to solutions. Non-dominated solutions are classified according to their degree of robustness. The information on the degree of robustness of solutions is provided to support the decision maker in the selection of a robust compromise solution.},
	Author = {Barrico, C. and Antunes, C.H.},
	Booktitle = {Evolutionary Computation, 2006. CEC 2006. IEEE Congress on},
	Date-Added = {2015-04-14 09:49:40 +0000},
	Date-Modified = {2015-04-14 09:49:40 +0000},
	Doi = {10.1109/CEC.2006.1688537},
	Keywords = {decision making;evolutionary computation;optimisation;robust control;decision maker;evolutionary algorithm;multiobjective optimization;robustness analysis;Acceleration;Degradation;Delta modulation;Evolutionary computation;Informatics;Pareto optimization;Robust control;Robustness;Testing},
	Pages = {1887-1892},
	Title = {Robustness Analysis in Multi-Objective Optimization Using a Degree of Robustness Concept},
	Year = {2006},
	Bdsk-File-1 = {YnBsaXN0MDDUAQIDBAUGJCVYJHZlcnNpb25YJG9iamVjdHNZJGFyY2hpdmVyVCR0b3ASAAGGoKgHCBMUFRYaIVUkbnVsbNMJCgsMDRBWJGNsYXNzV05TLmtleXNaTlMub2JqZWN0c4AHog4PgAKAA6IREoAEgAVccmVsYXRpdmVQYXRoWWFsaWFzRGF0YV8Q6ERvY3MvTXVsdGlPYmpfT3B0aW1pemF0aW9uX1JvYnVzdG5lc3NfW2RvaSAxMC4xMTA5JTJGY2VjLjIwMDYuMTY4ODUzN10gQmFycmljbywgQy47IEFudHVuZXMsIEMuSC4gLS0gW0lFRUUgMjAwNiBJRUVFIEludGVybmF0aW9uYWwgQ29uZmVyZW5jZSBvbiBFdm9sdXRpb25hcnkgQ29tcHV0YXRpb24gLSBWYW5jb3V2ZXIsIEJDLCBDYW5hZGEgKDE2LTIxIEp1bHkgMjAwNildIDIwMDYgSUVFRSBJbnRlci5wZGbSCRcYGVdOUy5kYXRhgAZPEQR8AAAAAAR8AAIAAAxNYWNpbnRvc2ggSEQAAAAAAAAAAAAAAAAAAADKQQYMSCsAAAJi2I8fTXVsdGlPYmpfT3B0aW1pemF0aSMyNjJEODg2LnBkZgAAAAAAAAAAAAAAAAAAAAAAAAAAAAAAAAAAAAAAAAAAAmLYhtFSrwwAAAAAAAAAAAABAAMAAAkgAAAAAAAAAAAAAAAAAAAABERvY3MAEAAIAADKQOnsAAAAEQAIAADRUpLsAAAAAQAcAmLYjwJi2I4CYVW1AJDCKQAFAhUABQIUAAC+7AACAHpNYWNpbnRvc2ggSEQ6VXNlcnM6AEp1c3RlOgBEb2N1bWVudHM6AENvbXBsZXhTeXN0ZW1zOgBSb2J1c3RuZXNzRGlzY3JlcGFuY3k6AEJpYmxpbzoARG9jczoATXVsdGlPYmpfT3B0aW1pemF0aSMyNjJEODg2LnBkZgAOAcgA4wBNAHUAbAB0AGkATwBiAGoAXwBPAHAAdABpAG0AaQB6AGEAdABpAG8AbgBfAFIAbwBiAHUAcwB0AG4AZQBzAHMAXwBbAGQAbwBpACAAMQAwAC4AMQAxADAAOQAlADIARgBjAGUAYwAuADIAMAAwADYALgAxADYAOAA4ADUAMwA3AF0AIABCAGEAcgByAGkAYwBvACwAIABDAC4AOwAgAEEAbgB0AHUAbgBlAHMALAAgAEMALgBIAC4AIAAtAC0AIABbAEkARQBFAEUAIAAyADAAMAA2ACAASQBFAEUARQAgAEkAbgB0AGUAcgBuAGEAdABpAG8AbgBhAGwAIABDAG8AbgBmAGUAcgBlAG4AYwBlACAAbwBuACAARQB2AG8AbAB1AHQAaQBvAG4AYQByAHkAIABDAG8AbQBwAHUAdABhAHQAaQBvAG4AIAAtACAAVgBhAG4AYwBvAHUAdgBlAHIALAAgAEIAQwAsACAAQwBhAG4AYQBkAGEAIAAoADEANgAtADIAMQAgAEoAdQBsAHkAIAAyADAAMAA2ACkAXQAgADIAMAAwADYAIABJAEUARQBFACAASQBuAHQAZQByAC4AcABkAGYADwAaAAwATQBhAGMAaQBuAHQAbwBzAGgAIABIAEQAEgEqVXNlcnMvSnVzdGUvRG9jdW1lbnRzL0NvbXBsZXhTeXN0ZW1zL1JvYnVzdG5lc3NEaXNjcmVwYW5jeS9CaWJsaW8vRG9jcy9NdWx0aU9ial9PcHRpbWl6YXRpb25fUm9idXN0bmVzc19bZG9pIDEwLjExMDklMkZjZWMuMjAwNi4xNjg4NTM3XSBCYXJyaWNvLCBDLjsgQW50dW5lcywgQy5ILiAtLSBbSUVFRSAyMDA2IElFRUUgSW50ZXJuYXRpb25hbCBDb25mZXJlbmNlIG9uIEV2b2x1dGlvbmFyeSBDb21wdXRhdGlvbiAtIFZhbmNvdXZlciwgQkMsIENhbmFkYSAoMTYtMjEgSnVseSAyMDA2KV0gMjAwNiBJRUVFIEludGVyLnBkZgATAAEvAAAVAAIADP//AADSGxwdHlokY2xhc3NuYW1lWCRjbGFzc2VzXU5TTXV0YWJsZURhdGGjHR8gVk5TRGF0YVhOU09iamVjdNIbHCIjXE5TRGljdGlvbmFyeaIiIF8QD05TS2V5ZWRBcmNoaXZlctEmJ1Ryb290gAEACAARABoAIwAtADIANwBAAEYATQBUAFwAZwBpAGwAbgBwAHMAdQB3AIQAjgF5AX4BhgGIBggGDQYYBiEGLwYzBjoGQwZIBlUGWAZqBm0GcgAAAAAAAAIBAAAAAAAAACgAAAAAAAAAAAAAAAAAAAZ0},
	Bdsk-Url-1 = {http://dx.doi.org/10.1109/CEC.2006.1688537}}

@article{jegou2012evaluation,
	Author = {J{\'e}gou, Anne and Augiseau, Vincent and Guyot, C{\'e}cile and Jud{\'e}aux, C{\'e}cile and Monaco, Fran{\c{c}}ois-Xavier and Pech, Pierre and others},
	Date-Added = {2015-04-14 09:44:50 +0000},
	Date-Modified = {2015-04-14 09:44:50 +0000},
	Journal = {Cybergeo: European Journal of Geography},
	Publisher = {CNRS-UMR G{\'e}ographie-cit{\'e}s 8504},
	Title = {L'{\'e}valuation par indicateurs: un outil n{\'e}cessaire d'am{\'e}nagement urbain durable?. R{\'e}flexions {\`a} partir de la d{\'e}marche parisienne pour le g{\'e}ographe et l'am{\'e}nageur},
	Year = {2012}}

@book{launer2014robustness,
	Author = {Launer, Robert L and Wilkinson, Graham N},
	Date-Added = {2015-04-14 09:40:09 +0000},
	Date-Modified = {2015-04-14 09:40:09 +0000},
	Publisher = {Academic Press},
	Title = {Robustness in statistics},
	Year = {2014}}

@article{livet2010,
	Abstract = {Agent-Based Models are useful to describe and understand social, economic and spatial systems' dynamics. But, beside the facilities which this methodology offers, evaluation and comparison of simulation models are sometimes problematic. A rigorous conceptual frame needs to be developed. This is in order to ensure the coherence in the chain linking at the one extreme the scientist's hypotheses about the modeled phenomenon and at the other the structure of rules in the computer program. This also systematizes the model design from the thematician conceptual framework as well. The aim is to reflect upon the role that a well defined ontology, based on the crossing of the philosophical and the computer science insights, can play to solve such questions and help the model building. We analyze different conceptions of ontology, introduce the 'ontological test' and show its usefulness to compare models. Then we focus on the model building and show the place of a systematic ABM ontology. The latter process is situated within a larger framework called the 'knowledge framework' in which not only the ontologies but also the notions of theory, model and empirical data take place. At last the relation between emergence and ontology is discussed.},
	Author = {Livet, Pierre and Muller, Jean-Pierre and Phan, Denis and Sanders, Lena},
	Date-Added = {2015-04-14 08:54:27 +0000},
	Date-Modified = {2015-04-14 08:54:27 +0000},
	Issn = {1460-7425},
	Journal = {Journal of Artificial Societies and Social Simulation},
	Keywords = {Ontology, Agent-Based Computational Economic, Agent-Based Model of Simulation, Model Design, Model Building, Knowledge Framework, Spatial Simulation, Social Simulation, Ontological Test},
	Number = {1},
	Pages = {3},
	Title = {Ontology, a Mediator for Agent-Based Modeling in Social Science},
	Url = {http://jasss.soc.surrey.ac.uk/13/1/3.html},
	Volume = {13},
	Year = {2010},
	Bdsk-File-1 = {YnBsaXN0MDDUAQIDBAUGJCVYJHZlcnNpb25YJG9iamVjdHNZJGFyY2hpdmVyVCR0b3ASAAGGoKgHCBMUFRYaIVUkbnVsbNMJCgsMDRBWJGNsYXNzV05TLmtleXNaTlMub2JqZWN0c4AHog4PgAKAA6IREoAEgAVccmVsYXRpdmVQYXRoWWFsaWFzRGF0YV8QSS4uLy4uL0NpdHlOZXR3b3JrL0JpYmxpby9Eb2NzL0VwaXN0ZW1vbG9neS9PbnRvbG9neUFCTV9MaXZldEFsX0phc3NfMy5wZGbSCRcYGVdOUy5kYXRhgAZPEQJAAAAAAAJAAAIAAAxNYWNpbnRvc2ggSEQAAAAAAAAAAAAAAAAAAADKQQYMSCsAAAI0IVceT250b2xvZ3lBQk1fTGl2ZXRBbF9KYXNzXzMucGRmAAAAAAAAAAAAAAAAAAAAAAAAAAAAAAAAAAAAAAAAAAAAAjfWhtEsgMcAAAAAAAAAAAACAAUAAAkgAAAAAAAAAAAAAAAAAAAADEVwaXN0ZW1vbG9neQAQAAgAAMpA6ewAAAARAAgAANEscrcAAAABACACNCFXAjF32QIh+RkCIfkQAJDCKQAFAhUABQIUAAC+7AACAH1NYWNpbnRvc2ggSEQ6VXNlcnM6AEp1c3RlOgBEb2N1bWVudHM6AENvbXBsZXhTeXN0ZW1zOgBDaXR5TmV0d29yazoAQmlibGlvOgBEb2NzOgBFcGlzdGVtb2xvZ3k6AE9udG9sb2d5QUJNX0xpdmV0QWxfSmFzc18zLnBkZgAADgA+AB4ATwBuAHQAbwBsAG8AZwB5AEEAQgBNAF8ATABpAHYAZQB0AEEAbABfAEoAYQBzAHMAXwAzAC4AcABkAGYADwAaAAwATQBhAGMAaQBuAHQAbwBzAGgAIABIAEQAEgBoVXNlcnMvSnVzdGUvRG9jdW1lbnRzL0NvbXBsZXhTeXN0ZW1zL0NpdHlOZXR3b3JrL0JpYmxpby9Eb2NzL0VwaXN0ZW1vbG9neS9PbnRvbG9neUFCTV9MaXZldEFsX0phc3NfMy5wZGYAEwABLwAAFQACAAz//wAA0hscHR5aJGNsYXNzbmFtZVgkY2xhc3Nlc11OU011dGFibGVEYXRhox0fIFZOU0RhdGFYTlNPYmplY3TSGxwiI1xOU0RpY3Rpb25hcnmiIiBfEA9OU0tleWVkQXJjaGl2ZXLRJidUcm9vdIABAAgAEQAaACMALQAyADcAQABGAE0AVABcAGcAaQBsAG4AcABzAHUAdwCEAI4A2gDfAOcA6QMtAzIDPQNGA1QDWANfA2gDbQN6A30DjwOSA5cAAAAAAAACAQAAAAAAAAAoAAAAAAAAAAAAAAAAAAADmQ==},
	Bdsk-Url-1 = {http://jasss.soc.surrey.ac.uk/13/1/3.html}}

@article{niederreiter1972discrepancy,
	Author = {Niederreiter, H},
	Date-Added = {2014-06-13 23:51:49 +0000},
	Date-Modified = {2014-06-13 23:51:49 +0000},
	Journal = {Annali di matematica pura ed applicata},
	Number = {1},
	Pages = {89--97},
	Publisher = {Springer},
	Title = {Discrepancy and convex programming},
	Volume = {93},
	Year = {1972},
	Bdsk-File-1 = {YnBsaXN0MDDUAQIDBAUGJCVYJHZlcnNpb25YJG9iamVjdHNZJGFyY2hpdmVyVCR0b3ASAAGGoKgHCBMUFRYaIVUkbnVsbNMJCgsMDRBWJGNsYXNzV05TLmtleXNaTlMub2JqZWN0c4AHog4PgAKAA6IREoAEgAVccmVsYXRpdmVQYXRoWWFsaWFzRGF0YV8QXC4uLy4uLy4uL0NvdXJzL1RBTVVSL0JpYmxpby9Eb2NzL0Rpc2NyZXBhbmN5Q29udmV4UHJvZ3JhbW1pbmdfYXJ0JTNBMTAuMTAwNyUyRkJGMDI0MTIwMTcucGRm0gkXGBlXTlMuZGF0YYAGTxECVAAAAAACVAACAAAMTWFjaW50b3NoIEhEAAAAAAAAAAAAAAAAAAAAykEGDEgrAAABjPjLH0Rpc2NyZXBhbmN5Q29udmV4UHIjMUFFOEZBNS5wZGYAAAAAAAAAAAAAAAAAAAAAAAAAAAAAAAAAAAAAAAAAAAGuj6XPmSEMAAAAAAAAAAAAAwAFAAAJIAAAAAAAAAAAAAAAAAAAAAREb2NzABAACAAAykDp7AAAABEACAAAz5kE7AAAAAEAHAGM+MsBjPfYAYzvpAAGNYgABQIVAAUCFAAAvuwAAgBhTWFjaW50b3NoIEhEOlVzZXJzOgBKdXN0ZToARG9jdW1lbnRzOgBDb3VyczoAVEFNVVI6AEJpYmxpbzoARG9jczoARGlzY3JlcGFuY3lDb252ZXhQciMxQUU4RkE1LnBkZgAADgB4ADsARABpAHMAYwByAGUAcABhAG4AYwB5AEMAbwBuAHYAZQB4AFAAcgBvAGcAcgBhAG0AbQBpAG4AZwBfAGEAcgB0ACUAMwBBADEAMAAuADEAMAAwADcAJQAyAEYAQgBGADAAMgA0ADEAMgAwADEANwAuAHAAZABmAA8AGgAMAE0AYQBjAGkAbgB0AG8AcwBoACAASABEABIAaVVzZXJzL0p1c3RlL0RvY3VtZW50cy9Db3Vycy9UQU1VUi9CaWJsaW8vRG9jcy9EaXNjcmVwYW5jeUNvbnZleFByb2dyYW1taW5nX2FydCUzQTEwLjEwMDclMkZCRjAyNDEyMDE3LnBkZgAAEwABLwAAFQACAAz//wAA0hscHR5aJGNsYXNzbmFtZVgkY2xhc3Nlc11OU011dGFibGVEYXRhox0fIFZOU0RhdGFYTlNPYmplY3TSGxwiI1xOU0RpY3Rpb25hcnmiIiBfEA9OU0tleWVkQXJjaGl2ZXLRJidUcm9vdIABAAgAEQAaACMALQAyADcAQABGAE0AVABcAGcAaQBsAG4AcABzAHUAdwCEAI4A7QDyAPoA/ANUA1kDZANtA3sDfwOGA48DlAOhA6QDtgO5A74AAAAAAAACAQAAAAAAAAAoAAAAAAAAAAAAAAAAAAADwA==}}

@phdthesis{varet2010developpement,
	Author = {Varet, Suzanne},
	Date-Added = {2014-06-13 23:14:19 +0000},
	Date-Modified = {2014-06-13 23:14:19 +0000},
	School = {Universit{\'e} Paul Sabatier-Toulouse III},
	Title = {D{\'e}veloppement de m{\'e}thodes statistiques pour la pr{\'e}diction d'un gabarit de signature infrarouge},
	Year = {2010}}

@book{mangin1999projet,
	Author = {Mangin, David and Panerai, Philippe},
	Date-Added = {2014-06-13 22:09:38 +0000},
	Date-Modified = {2014-06-13 22:09:38 +0000},
	Publisher = {Parenth{\`e}ses},
	Reading = {A},
	Title = {Projet urbain},
	Year = {1999}}

@article{wang2009review,
	Author = {Wang, Jiang-Jiang and Jing, You-Yin and Zhang, Chun-Fa and Zhao, Jun-Hong},
	Date-Added = {2014-06-13 20:58:09 +0000},
	Date-Modified = {2014-06-13 20:58:09 +0000},
	Journal = {Renewable and Sustainable Energy Reviews},
	Number = {9},
	Pages = {2263--2278},
	Publisher = {Elsevier},
	Title = {Review on multi-criteria decision analysis aid in sustainable energy decision-making},
	Volume = {13},
	Year = {2009},
	Bdsk-File-1 = {YnBsaXN0MDDUAQIDBAUGJCVYJHZlcnNpb25YJG9iamVjdHNZJGFyY2hpdmVyVCR0b3ASAAGGoKgHCBMUFRYaIVUkbnVsbNMJCgsMDRBWJGNsYXNzV05TLmtleXNaTlMub2JqZWN0c4AHog4PgAKAA6IREoAEgAVccmVsYXRpdmVQYXRoWWFsaWFzRGF0YV8QRy4uLy4uLy4uL0NvdXJzL1RBTVVSL0JpYmxpby9Eb2NzL01DREFfMS1zMi4wLVMxMzY0MDMyMTA5MDAxMTY2LW1haW4ucGRm0gkXGBlXTlMuZGF0YYAGTxECFAAAAAACFAACAAAMTWFjaW50b3NoIEhEAAAAAAAAAAAAAAAAAAAAykEGDEgrAAABjPjLH01DREFfMS1zMi4wLVMxMzY0MDMjMTkzRjA5Ny5wZGYAAAAAAAAAAAAAAAAAAAAAAAAAAAAAAAAAAAAAAAAAAAGT8JfPX0BhAAAAAAAAAAAAAwAFAAAJIAAAAAAAAAAAAAAAAAAAAAREb2NzABAACAAAykDp7AAAABEACAAAz18kQQAAAAEAHAGM+MsBjPfYAYzvpAAGNYgABQIVAAUCFAAAvuwAAgBhTWFjaW50b3NoIEhEOlVzZXJzOgBKdXN0ZToARG9jdW1lbnRzOgBDb3VyczoAVEFNVVI6AEJpYmxpbzoARG9jczoATUNEQV8xLXMyLjAtUzEzNjQwMyMxOTNGMDk3LnBkZgAADgBOACYATQBDAEQAQQBfADEALQBzADIALgAwAC0AUwAxADMANgA0ADAAMwAyADEAMAA5ADAAMAAxADEANgA2AC0AbQBhAGkAbgAuAHAAZABmAA8AGgAMAE0AYQBjAGkAbgB0AG8AcwBoACAASABEABIAVFVzZXJzL0p1c3RlL0RvY3VtZW50cy9Db3Vycy9UQU1VUi9CaWJsaW8vRG9jcy9NQ0RBXzEtczIuMC1TMTM2NDAzMjEwOTAwMTE2Ni1tYWluLnBkZgATAAEvAAAVAAIADP//AADSGxwdHlokY2xhc3NuYW1lWCRjbGFzc2VzXU5TTXV0YWJsZURhdGGjHR8gVk5TRGF0YVhOU09iamVjdNIbHCIjXE5TRGljdGlvbmFyeaIiIF8QD05TS2V5ZWRBcmNoaXZlctEmJ1Ryb290gAEACAARABoAIwAtADIANwBAAEYATQBUAFwAZwBpAGwAbgBwAHMAdQB3AIQAjgDYAN0A5QDnAv8DBAMPAxgDJgMqAzEDOgM/A0wDTwNhA2QDaQAAAAAAAAIBAAAAAAAAACgAAAAAAAAAAAAAAAAAAANr}}

@book{souami2012ecoquartiers,
	Author = {Souami, Taoufik},
	Date-Added = {2014-06-13 20:58:09 +0000},
	Date-Modified = {2014-06-13 20:58:09 +0000},
	Publisher = {Scrineo},
	Title = {Ecoquartiers: secrets de fabrication},
	Year = {2012}}

@article{franco20092,
	Author = {Franco, Jessica and Dupuy, Delphine and Roustant, Olivier and Jourdan, Astrid},
	Date-Added = {2014-06-13 20:58:09 +0000},
	Date-Modified = {2014-06-13 20:58:09 +0000},
	Journal = {Designs of Computer Experiments},
	Pages = {2},
	Title = {DiceDesign-package},
	Year = {2009},
	Bdsk-File-1 = {YnBsaXN0MDDUAQIDBAUGJCVYJHZlcnNpb25YJG9iamVjdHNZJGFyY2hpdmVyVCR0b3ASAAGGoKgHCBMUFRYaIVUkbnVsbNMJCgsMDRBWJGNsYXNzV05TLmtleXNaTlMub2JqZWN0c4AHog4PgAKAA6IREoAEgAVccmVsYXRpdmVQYXRoWWFsaWFzRGF0YV8QLy4uLy4uLy4uL0NvdXJzL1RBTVVSL0JpYmxpby9Eb2NzL0RpY2VEZXNpZ24ucGRm0gkXGBlXTlMuZGF0YYAGTxEBugAAAAABugACAAAMTWFjaW50b3NoIEhEAAAAAAAAAAAAAAAAAAAAykEGDEgrAAABjPjLDkRpY2VEZXNpZ24ucGRmAAAAAAAAAAAAAAAAAAAAAAAAAAAAAAAAAAAAAAAAAAAAAAAAAAAAAAAAAAAAAAAAAAGvGurPmjhfAAAAAAAAAAAAAwAFAAAJIAAAAAAAAAAAAAAAAAAAAAREb2NzABAACAAAykDp7AAAABEACAAAz5ocPwAAAAEAHAGM+MsBjPfYAYzvpAAGNYgABQIVAAUCFAAAvuwAAgBQTWFjaW50b3NoIEhEOlVzZXJzOgBKdXN0ZToARG9jdW1lbnRzOgBDb3VyczoAVEFNVVI6AEJpYmxpbzoARG9jczoARGljZURlc2lnbi5wZGYADgAeAA4ARABpAGMAZQBEAGUAcwBpAGcAbgAuAHAAZABmAA8AGgAMAE0AYQBjAGkAbgB0AG8AcwBoACAASABEABIAPFVzZXJzL0p1c3RlL0RvY3VtZW50cy9Db3Vycy9UQU1VUi9CaWJsaW8vRG9jcy9EaWNlRGVzaWduLnBkZgATAAEvAAAVAAIADP//AADSGxwdHlokY2xhc3NuYW1lWCRjbGFzc2VzXU5TTXV0YWJsZURhdGGjHR8gVk5TRGF0YVhOU09iamVjdNIbHCIjXE5TRGljdGlvbmFyeaIiIF8QD05TS2V5ZWRBcmNoaXZlctEmJ1Ryb290gAEACAARABoAIwAtADIANwBAAEYATQBUAFwAZwBpAGwAbgBwAHMAdQB3AIQAjgDAAMUAzQDPAo0CkgKdAqYCtAK4Ar8CyALNAtoC3QLvAvIC9wAAAAAAAAIBAAAAAAAAACgAAAAAAAAAAAAAAAAAAAL5}}
